<record><leader>00000cas a2200000 a 4500</leader><controlfield tag="001">23807693</controlfield><controlfield tag="008">910520d19832004iluir ne      0   a0eng c</controlfield><datafield ind1=" " ind2=" " tag="010"><subfield code="a">sn 91054596 </subfield></datafield><datafield ind1=" " ind2=" " tag="040"><subfield code="a">NVF</subfield><subfield code="b">eng</subfield><subfield code="c">NVF</subfield><subfield code="d">NSD</subfield><subfield code="d">NVF</subfield><subfield code="d">OCLCQ</subfield><subfield code="d">NVF</subfield><subfield code="d">OCLCQ</subfield><subfield code="d">OCLCF</subfield><subfield code="d">NVF</subfield><subfield code="d">OCLCO</subfield></datafield><datafield ind1=" " ind2=" " tag="012"><subfield code="m">1</subfield></datafield><datafield ind1="1" ind2=" " tag="022"><subfield code="a">1072-6519</subfield><subfield code="l">1072-6519</subfield><subfield code="2">1</subfield></datafield><datafield ind1="1" ind2=" " tag="029"><subfield code="a">AU@</subfield><subfield code="b">000025872553</subfield></datafield><datafield ind1=" " ind2=" " tag="032"><subfield code="a">245460</subfield><subfield code="b">USPS</subfield></datafield><datafield ind1=" " ind2=" " tag="042"><subfield code="a">pcc</subfield><subfield code="a">nsdp</subfield></datafield><datafield ind1=" " ind2=" " tag="043"><subfield code="a">n-us-il</subfield></datafield><datafield ind1="0" ind2=" " tag="130"><subfield code="a">Montgomery County news (Hillsboro, Ill.)</subfield></datafield><datafield ind1=" " ind2="4" tag="222"><subfield code="a">The Montgomery County news</subfield><subfield code="b">(Hillsboro, Ill.)</subfield></datafield><datafield ind1="1" ind2="4" tag="245"><subfield code="a">The Montgomery County news.</subfield></datafield><datafield ind1=" " ind2=" " tag="260"><subfield code="a">Hillsboro, Montgomery County, Ill. :</subfield><subfield code="b">Nancy Bliss Slepicka,</subfield><subfield code="c">1983-2004.</subfield></datafield><datafield ind1=" " ind2=" " tag="300"><subfield code="a">v.</subfield></datafield><datafield ind1=" " ind2=" " tag="310"><subfield code="a">Triweekly,</subfield><subfield code="b">Oct. 4, 1993-July 31, 2004</subfield></datafield><datafield ind1=" " ind2=" " tag="321"><subfield code="a">Semiweekly,</subfield><subfield code="b">Oct. 3, 1983-Jan. 5, 1989</subfield></datafield><datafield ind1=" " ind2=" " tag="321"><subfield code="a">Weekly,</subfield><subfield code="b">Jan. 11, 1989-Sept. 29, 1993</subfield></datafield><datafield ind1="0" ind2=" " tag="362"><subfield code="a">114th year, no. 79 (0ct. 3, 1983)-v. 135, no. 92 (July 31, 2004).</subfield></datafield><datafield ind1=" " ind2=" " tag="580"><subfield code="a">Merged with: Hillsboro journal (Hillsboro, Ill. : 1896), to form: Journal-news (Hillsboro, Ill.).</subfield></datafield><datafield ind1=" " ind2="0" tag="651"><subfield code="a">Hillsboro (Ill.)</subfield><subfield code="v">Newspapers.</subfield></datafield><datafield ind1=" " ind2="0" tag="651"><subfield code="a">Montgomery County (Ill.)</subfield><subfield code="v">Newspapers.</subfield></datafield><datafield ind1=" " ind2="7" tag="651"><subfield code="a">Illinois</subfield><subfield code="z">Hillsboro.</subfield><subfield code="2">fast</subfield><subfield code="0">(OCoLC)fst01229743</subfield></datafield><datafield ind1=" " ind2="7" tag="651"><subfield code="a">Illinois</subfield><subfield code="z">Montgomery County.</subfield><subfield code="2">fast</subfield><subfield code="0">(OCoLC)fst01212582</subfield></datafield><datafield ind1=" " ind2="7" tag="655"><subfield code="a">Newspapers.</subfield><subfield code="2">fast</subfield><subfield code="0">(OCoLC)fst01423814</subfield></datafield><datafield ind1=" " ind2=" " tag="752"><subfield code="a">United States</subfield><subfield code="b">Illinois</subfield><subfield code="c">Montgomery</subfield><subfield code="d">Hillsboro.</subfield></datafield><datafield ind1="0" ind2="0" tag="780"><subfield code="t">Hillsboro and Montgomery County news</subfield><subfield code="w">(DLC)sn 91054595</subfield><subfield code="w">(OCoLC)23763577</subfield></datafield><datafield ind1="1" ind2="7" tag="785"><subfield code="t">Hillsboro journal (Hillsboro, Ill. : 1896)</subfield><subfield code="w">(DLC)sn 91054588</subfield><subfield code="w">(OCoLC)23671002</subfield></datafield><datafield ind1="1" ind2="7" tag="785"><subfield code="t">Journal-news (Hillsboro, Ill.)</subfield><subfield code="w">(DLC)sn2004061825</subfield><subfield code="w">(OCoLC)56980204</subfield></datafield></record>